
@inproceedings{NIFneutronSources,
	title = "{National Ignition Facility Neutron Sources}",
	author = "Yeamans, C and Blue, B",
	address = "{Tuscon AZ}",
	booktitle = "{HEART}",
	url = {https://www.osti.gov/biblio/1458648},
	year = {2018},
	month = {4},
}



@techreport{neutronGammaEnvForTheACRR,
	title = "{Neutron and Gamma-Ray Radiation Environments for the Annular Core Research Reactor}",
	type = {\unskip\space},
	author = "Edward Parma",
	year = "2017",
	address = "{Albuquerque, NM}",
	url = "https://www.osti.gov/biblio/1456621",
	month = {4},
	number = "{SAND2017-4213C}"
}



@misc{ACRRdiagramSource,
	title = "{Neutron and Gamma-Ray Radiation Environments for the Annular Core Research Reactor Central Cavity and the FRECII Cavity}",
	booktitle = "{16th International Symposium on Reactor Dosimetry}",
	author = "Edward Parma",
	address = "{Santa Fe, NM}",
	year = "2017",
	month = "05",
	note = "{SAND2017-4044C}"
}



@mastersthesis{wsmrPENTRANthesis,
	author = "Taylor R. Schulmeister", 
	title = "{Modeling the White Sands Missile Range Fast Burst Reactor Using a Discrete Ordinates Code, PENTRAN}", 
	school = "{Air Force Institute of Technology}", 
	year = "2017", 
	month = "03",
	day = "23",
	url = "https://scholar.afit.edu/etd/1625",
}



@book{ToxProfileForUranium,
	author = "Keith, S. and Faroon, O. and Roney, N. and Scinicariello, F. and Wilbur, S. and Ingerman, L. and Llados, F. and Plewak, D. and Wohlers, D. and Diamond, G. ",
	title = "{Toxicological Profile for Uranium}",
	address = "{Atlanta, GA}",
	publisher = "{Agency for Toxic Substances and Disease Registry}",
	year = "2013",
	month = "02",
}



@article{TotalXSectionsForFourteenMeVn,
title = "{Total Cross Sections for 14-Mev Neutrons}",
author = "Poss, H. L. and Salant, E. O. and Snow, G. A. and Yuan, Luke C. L.",
journal = "{Phys. Rev.}",
volume = {87},
issue = {1},
pages = {11},
year = {1952},
month = {Jul},
doi = {10.1103/PhysRev.87.11},
}



@inproceedings{BCPotentiallyDangerous,
	author = "Allan Emren",
	title = "Boron carbide, a potentially dangerous material in nuclear reactors",
	volume = "39",
	issue = "45",
	booktitle = "{The 13th International ICIT Conference Progress in Cryogenics and Isotopes Separation}",
	year = "2007",
	address = "Stolkholm, Sweden",
	url = "https://inis.iaea.org/search/search.aspx?orig_q=RN:39112088",
}



@book{HighTempPolymers,
	subtitle = "{Polymers, High‐Temperature}",
	title = "{Ullmann's Encyclopedia of Industrial Chemistry}",
	publisher = "{Wiley-VCH Verlag GmbH \& Co. KGaA}",
	number = "4",
	address = "Weinheim",
	year = "2012",
	doi = "doi.org/10.1002/14356007.a21_449.pub4",
	author = "David Parker and Jan Bussink and Hendrik T. van de Grampel and Gary W. Wheatley and Ernst‐Ulrich Dorf and Edgar Ostlinning and Klaus Reinking and Frank Schubert and Oliver Jünger and Reinhard Wagener",
}



@article{SputteredBCThinFilms,
	title = "Subplantation effect in magnetron sputtered superhard boron carbide thin films",
	journal = "Diam. Relat. Mater.",
	volume = "7",
	number = "6",
	pages = "835",
	year = "1998",
	issn = "0925-9635",
	doi = "doi.org/10.1016/S0925-9635(97)00306-3",
	author = "S. Ulrich and H. Ehrhardt and J. Schwan and R. Samlenski and R. Brenn",
}



@techreport{MercuryUserGuide,
	title = "{Mercury User Guide}",
	author = "{The Mercury Code Development Team}",
	institution = "{Lawrence Livermore National Laboratory}",
	type = {\unskip\space},
	year = "{2020}",
	number = "{LLNL-SM-560687}",
}



@inproceedings{LowDriftTypeNForNuclear,
	author = {Scervini, M. and Rae, Catherine},
	year = {2013},
	month = {06},
	pages = {1-7},
	title = "{Low drift type N thermocouples for nuclear applications}",
	isbn = {978-1-4799-1047-2},
	doi = {10.1109/ANIMMA.2013.6727899}
}



@INPROCEEDINGS{SummaryOfTCduringAGRExperiments,
	  author={Palmer, A. J. and Haggard, D. C. and Herter, J. W. and Scervini, M. and Swank, W. D. and Knudson, D. L. and Cherry, R. S.},
	  booktitle="{2015 4th International Conference on Advancements in Nuclear Instrumentation Measurement Methods and their Applications (ANIMMA)}", 
	  title={Summary of thermocouple performance during advanced gas reactor fuel irradiation experiments in the advanced test reactor and out-of-pile thermocouple testing in support of such experiments}, 
	  year={2015},
	  volume={},
	  number={},
	  pages={1-9},
	  doi={10.1109/ANIMMA.2015.7465501},
}


@techreport{ASTME320M,
	title = "{ASTM E230 / E230M-17, Standard Specification for Temperature-Electromotive Force (emf) Tables for Standardized Thermocouples}",
	type={\unskip\space},
	institution = "{ASTM International}",
	year = "{2017}",
	place = {West Conshohocken, PA, USA},
}
















